@ARTICLE{6975210,
  author={B. H. {Menze} and A. {Jakab} and S. {Bauer} and J. {Kalpathy-Cramer} and et al.},
  journal={IEEE Transactions on Medical Imaging}, 
  title={The Multimodal Brain Tumor Image Segmentation Benchmark (BRATS)}, 
  year={2015},
  volume={34},
  number={10},
  pages={1993-2024},
  doi={10.1109/TMI.2014.2377694}
}

@misc{zhang2020disentangling,
  title={Disentangling Human Error from the Ground Truth in Segmentation of Medical Images}, 
  author={Le Zhang and Ryutaro Tanno and Mou-Cheng Xu and Chen Jin and Joseph Jacob and Olga Ciccarelli and Frederik Barkhof and Daniel C. Alexander},
  year={2020},
  eprint={2007.15963},
  archivePrefix={arXiv},
  primaryClass={cs.CV}
}

@misc{kohl2019probabilistic,
  title={A Probabilistic U-Net for Segmentation of Ambiguous Images}, 
  author={Kohl, S. and Romera-Paredes, B. and Meyer, C. and Fauw, J. and Ledsam, J. and Maier-Hein, K. and Eslami, S. and Rezende, D. and Ronneberger, O.},
  year={2019},
  eprint={1806.05034},
  archivePrefix={arXiv},
  primaryClass={cs.CV}
}

@article{Variability2019,
  title={Variability of manual segmentation of the prostate in axial T2-weighted MRI: A multi-reader study}, 
  volume={121}, 
  DOI={10.1016/j.ejrad.2019.108716}, 
  journal={European Journal of Radiology}, 
  author={Becker, S. and Chaitanya, J. and Schawkat, M. and et al.},
  year={2019}, 
  pages={108716}
}
@article{interobserver2018,
  title={Inter-observer variability of manual contour delineation of structures in CT}, 
  volume={29}, 
  DOI={10.1007/s00330-018-5695-5}, 
  number={3}, 
  journal={European Radiology}, 
  author={Joskowicz, L. and Cohen, D. and Caplan, N. and Sosna, J.}, 
  year={2018}, 
  pages={1391â€“1399}
}

@misc{kendall2017uncertainties,
  title={What Uncertainties Do We Need in Bayesian Deep Learning for Computer Vision?}, 
  author={Kendall, A. and Gal, Y.},
  year={2017},
  eprint={1703.04977},
  archivePrefix={arXiv},
  primaryClass={cs.CV}
}

@article{nair_precup_arnold_arbel_2020, 
title={Exploring uncertainty measures in deep networks for Multiple sclerosis lesion detection and segmentation}, 
volume={59}, 
DOI={10.1016/j.media.2019.101557}, 
journal={Medical Image Analysis}, 
author={Nair, T. and Precup, D. and Arnold, L. and Arbel, T.}, 
year={2020}, 
pages={101557}
}

@misc{qubiq, 
title={Quantification of Uncertainties in Biomedical Image Quantification Challenge},
howpublished = {\url{https://qubiq.grand-challenge.org/}}, 
journal={grand-challenge.org}, 
year={2020}
}

@ARTICLE{STAPLE,
  author={{Warfield}, S. and {Zou}, K. and {Wells}, W.},
  journal={IEEE Transactions on Medical Imaging}, 
  title={Simultaneous truth and performance level estimation (STAPLE): an algorithm for the validation of image segmentation}, 
  year={2004},
  volume={23},
  number={7},
  pages={903-921},
  doi={10.1109/TMI.2004.828354}
}
@article{Kervadec_2021,
   title={Boundary loss for highly unbalanced segmentation},
   volume={67},
   ISSN={1361-8415},
   url={http://dx.doi.org/10.1016/j.media.2020.101851},
   DOI={10.1016/j.media.2020.101851},
   journal={Medical Image Analysis},
   publisher={Elsevier BV},
   author={Kervadec, H. and Bouchtiba, J. and Desrosiers, C. and Granger, E. and Dolz, J. and Ben, I.},
   year={2021},
   pages={101851}
}
@misc{hu2019supervised,
      title={Supervised Uncertainty Quantification for Segmentation with Multiple Annotations}, 
      author={Hu, S. and Worrall, D. and Knegt, S. and Veeling, B. and Huisman, H. and  Welling, M.},
      year={2019},
      eprint={1907.01949},
      archivePrefix={arXiv},
      primaryClass={cs.LG}
}
@misc{ronneberger2015unet,
      title={U-Net: Convolutional Networks for Biomedical Image Segmentation}, 
      author={Ronneberger, O. and Fischer, P. and Brox, T.},
      year={2015},
      eprint={1505.04597},
      archivePrefix={arXiv},
      primaryClass={cs.CV}
}